<?xml version="1.0" encoding="UTF-8"?><collection xmlns="http://www.loc.gov/MARC21/slim"><record><leader>00628nam--2200193-u-4500</leader><controlfield tag="001">000053036</controlfield><controlfield tag="002">20161230</controlfield><controlfield tag="005">20161230201050</controlfield><controlfield tag="008">110103s1000------------r-----000-0-eng-d</controlfield><datafield ind1=" " ind2=" " tag="020"><subfield code="a">0750300647</subfield></datafield><datafield ind1=" " ind2=" " tag="040"><subfield code="a">IFIN-HH</subfield></datafield><datafield ind1=" " ind2=" " tag="080"><subfield code="a">537.533.35:611.01</subfield></datafield><datafield ind1="1" ind2=" " tag="100"><subfield code="a">Elder, H.Y</subfield></datafield><datafield ind1="1" ind2="0" tag="245"><subfield code="a">Transactions of the royal microscopical society. new series volume 1: micro 90</subfield><subfield code="b">Proceedings of the royal microscopical society conference held in london, 2-6 july 1990</subfield><subfield code="c">H.Y. ELDER (Ed.)</subfield></datafield><datafield ind1=" " ind2=" " tag="260"><subfield code="a">NEW YORK</subfield><subfield code="b">Adam Hilger</subfield><subfield code="c">1990</subfield></datafield><datafield ind1=" " ind2=" " tag="300"><subfield code="a">747P</subfield></datafield><datafield ind1=" " ind2=" " tag="490"><subfield code="a">Proceedings</subfield></datafield><datafield ind1=" " ind2=" " tag="852"><subfield code="a">81227</subfield><subfield code="c">537.533.35</subfield></datafield><datafield ind1=" " ind2=" " tag="CAT"><subfield code="a">Sys</subfield><subfield code="c">20110103</subfield><subfield code="h">135502</subfield></datafield></record></collection>